<?xml version="1.0" encoding="UTF-8"?><collection xmlns="http://www.loc.gov/MARC21/slim"><record><leader>00560nam--2200181-u-4500</leader><controlfield tag="001">000054642</controlfield><controlfield tag="002">20161230</controlfield><controlfield tag="005">20161230201051</controlfield><controlfield tag="008">120509s1000------------r-----000-0-fre-d</controlfield><datafield ind1=" " ind2=" " tag="040"><subfield code="a">IFIN-HH</subfield></datafield><datafield ind1=" " ind2=" " tag="041"><subfield code="a">fre</subfield></datafield><datafield ind1=" " ind2=" " tag="080"><subfield code="a">539.124.143(043)</subfield></datafield><datafield ind1="1" ind2=" " tag="100"><subfield code="a">Gourdon, Jean-claude</subfield></datafield><datafield ind1="1" ind2="0" tag="245"><subfield code="a">De l'egalite des temps t1 et t2 daans la resonance electronique des metaux purs et des alliages dilues</subfield><subfield code="b">These</subfield><subfield code="c">Jean-claude gourdon</subfield></datafield><datafield ind1=" " ind2=" " tag="260"><subfield code="a">Toulouse</subfield><subfield code="b">Universite Paul-sabatier</subfield><subfield code="c">1975</subfield></datafield><datafield ind1=" " ind2=" " tag="300"><subfield code="a">192P</subfield></datafield><datafield ind1=" " ind2=" " tag="852"><subfield code="a">44072</subfield><subfield code="c">539.143.43</subfield></datafield><datafield ind1=" " ind2=" " tag="CAT"><subfield code="a">Sys</subfield><subfield code="c">20120509</subfield><subfield code="h">171114</subfield></datafield></record></collection>